@article{Aurangzeb2023,
  author    = {Khursheed Aurangzeb and others},
  title     = {Deep Learning Approach for Hand Gesture Recognition: Applications in Deaf Communication and Healthcare},
  journal   = {CMC-Computers, Materials \& Continua},
  year      = {2023},
  doi       = {10.32604/cmc.2023.042886}
}

@inproceedings{Mahmood2024,
  author    = {Noof T. Mahmood and Mohanad S. Jabbar and Mariam Abdalrazak},
  title     = {A Real-Time Hand Gesture Recognition Based on Media-Pipe and Support Vector Machine},
  booktitle = {Advances in Intelligent Computing Techniques and Applications (IRICT 2023)},
  volume    = {211},
  year      = {2024},
  pages     = {263--273},
  month     = {May}
}

@inproceedings{Miron2019,
  author    = {Casian Miron and others},
  title     = {Hand Gesture Recognition Based on SVM Classification},
  booktitle = {2019 E-Health and Bioengineering Conference (EHB)},
  year      = {2019},
  doi       = {10.1109/EHB47216.2019.8969921},
  month     = {Nov}
}

@inproceedings{Panduranga2018,
  author    = {H. T. Panduranga and C. Mani},
  title     = {Dynamic Hand Gesture Recognition System: A Short Survey},
  booktitle = {2018 International Conference on Inventive Research in Computing Applications (ICIRCA)},
  year      = {2018},
  doi       = {10.1109/ICIRCA.2018.8597318},
  month     = {Jul}
}

@incollection{Premaratne2014,
  author    = {Prashan Premaratne},
  title     = {Historical Development of Hand Gesture Recognition},
  booktitle = {Human Computer Interaction Using Hand Gestures},
  publisher = {Cognitive Science and Technology},
  year      = {2014},
  pages     = {5--29},
  month     = {Jan}
}

@inproceedings{Mantecon2016,
  author    = {T. Mantecón and C.R. del Blanco and F. Jaureguizar and N. García},
  title     = {Hand Gesture Recognition using Infrared Imagery Provided by Leap Motion Controller},
  booktitle = {International Conference on Advanced Concepts for Intelligent Vision Systems (ACIVS 2016)},
  year      = {2016},
  pages     = {47--57},
  address   = {Lecce, Italy},
  month     = {Oct},
  doi       = {10.1007/978-3-319-48680-2_5}
}

@inproceedings{Dalal2005,
  author    = {N. Dalal and B. Triggs},
  title     = {Histograms of Oriented Gradients for Human Detection},
  booktitle = {IEEE Computer Society Conference on Computer Vision and Pattern Recognition (CVPR 2005)},
  year      = {2005},
  pages     = {886--893},
  address   = {San Diego, CA, USA},
  month     = {June},
  doi       = {10.1109/CVPR.2005.177}
}

